<record><leader>00000cas a22000007a 4500</leader><controlfield tag="001">37685017</controlfield><controlfield tag="008">970925d19uu1961okuwr n       0    0eng d</controlfield><datafield ind1=" " ind2=" " tag="010"><subfield code="a">sn 97070323 </subfield></datafield><datafield ind1=" " ind2=" " tag="040"><subfield code="a">OBN</subfield><subfield code="b">eng</subfield><subfield code="c">OBN</subfield><subfield code="d">OCLCQ</subfield></datafield><datafield ind1=" " ind2=" " tag="042"><subfield code="a">msc</subfield></datafield><datafield ind1=" " ind2=" " tag="043"><subfield code="a">n-us-ok</subfield></datafield><datafield ind1="0" ind2="4" tag="245"><subfield code="a">The McLoud monitor.</subfield></datafield><datafield ind1=" " ind2=" " tag="260"><subfield code="a">McLoud, Okla. :</subfield><subfield code="b">George Winkler</subfield></datafield><datafield ind1=" " ind2=" " tag="300"><subfield code="a">v.</subfield></datafield><datafield ind1=" " ind2=" " tag="310"><subfield code="a">Weekly</subfield></datafield><datafield ind1="0" ind2=" " tag="362"><subfield code="a">-v. 34, no. 22 (Feb. 16, 1961).</subfield></datafield><datafield ind1=" " ind2=" " tag="588"><subfield code="a">Description based on: Vol. 28, no. 47 (Dec. 14, 1950).</subfield></datafield><datafield ind1=" " ind2="0" tag="651"><subfield code="a">Pottawatomie (Okla.)</subfield><subfield code="v">Newspapers.</subfield></datafield><datafield ind1=" " ind2="4" tag="651"><subfield code="a">McLoud (Okla.)</subfield><subfield code="v">Newspapers.</subfield></datafield><datafield ind1=" " ind2=" " tag="752"><subfield code="a">United States</subfield><subfield code="b">Oklahoma</subfield><subfield code="c">Pottawatomie</subfield><subfield code="d">McLoud.</subfield></datafield><datafield ind1="0" ind2="0" tag="785"><subfield code="t">County-wide news (Tecumseh, Okla.)</subfield><subfield code="w">(DLC)sn 97070324</subfield><subfield code="w">(OCoLC)37685112</subfield></datafield><datafield ind1="1" ind2=" " tag="029"><subfield code="a">AU@</subfield><subfield code="b">000013497401</subfield></datafield></record>